@inproceedings{ThPaper,
 author = {Sheard, Tim and Jones, Simon Peyton},
 title = {Template Meta-programming for Haskell},
 booktitle = {Proceedings of the 2002 ACM SIGPLAN Workshop on Haskell},
 series = {Haskell '02},
 year = {2002},
 isbn = {1-58113-605-6},
 location = {Pittsburgh, Pennsylvania},
 pages = {1--16},
 numpages = {16},
 url = {http://doi.acm.org/10.1145/581690.581691},
 doi = {10.1145/581690.581691},
 acmid = {581691},
 publisher = {ACM},
 address = {New York, NY, USA},
 keywords = {meta programming, templates},
}

@misc{GHC,
  author = {Simon Marlow},
  title = {The Glasgow Haskell Compiler},
  note = {haettu 23.09.2014},
  year = {2014},
  url = {http://www.haskell.org/ghc/},
}

@misc{HaskellReport2010,
  author = {Simon Marlow},
  title = {Haskell 2010 Language Report},
  note = {haettu 23.09.2014},
  year = {2010},
  url = {http://www.haskell.org/definition/haskell2010.pdf},
}

@misc{HaskellPlatform,
  title = {The Haskell Platform},
  note = {haettu 23.09.2014},
  year = {2014},
  url = {http://www.haskell.org/platform/},
}
